
@misc{GBIFDataDownload,
  title = {GBIF {Occurrence} {Download}},
  author = {{GBIF}},
	publisher = {The Global Biodiversity Information Facility},
  date = {2025-08-08},
  year = {2025},
  url = {https://doi.org/10.15468/dl.t8sqqm}
}
